@article{bonhomme2015grouped,
  title={Grouped patterns of heterogeneity in panel data},
  author={Bonhomme, St{\'e}phane and Manresa, Elena},
  journal={Econometrica},
  volume={83},
  number={3},
  pages={1147--1184},
  year={2015},
  publisher={Wiley Online Library}
}
@article{freyberger2019practical,
  title={A practical guide to compact infinite dimensional parameter spaces},
  author={Freyberger, Joachim and Masten, Matthew A},
  journal={Econometric Reviews},
  volume={38},
  number={9},
  pages={979--1006},
  year={2019},
  publisher={Taylor \& Francis}
}
@book{hansen2022econometrics,
  title={Econometrics},
  author={Hansen, B.},
  isbn={9780691236155},
  lccn={2021049284},
  url={https://books.google.de/books?id=UipXEAAAQBAJ},
  year={2022},
  publisher={Princeton University Press}
}
@article{roth2022s,
  title={What's Trending in Difference-in-Differences? A Synthesis of the Recent Econometrics Literature},
  author={Roth, Jonathan and Sant'Anna, Pedro HC and Bilinski, Alyssa and Poe, John},
  journal={arXiv preprint arXiv:2201.01194},
  year={2022}
}
@book{morgan2015counterfactuals,
  title={Counterfactuals and causal inference},
  author={Morgan, Stephen L and Winship, Christopher},
  year={2015},
  publisher={Cambridge University Press}
}
@book{wooldridge2010econometric,
  title={Econometric analysis of cross section and panel data},
  author={Wooldridge, Jeffrey M},
  year={2010},
  publisher={MIT press}
}
@article{janys2021mental,
  title={Mental Health and Abortions among Young Women: Time-Varying Unobserved Heterogeneity, Health Behaviors, and Risky Decisions},
  author={Janys, Lena and Siflinger, Bettina},
  journal={arXiv preprint arXiv:2103.12159},
  year={2021}
}
@incollection{angrist2008mostly,
  title={Mostly harmless econometrics},
  author={Angrist, Joshua D and Pischke, J{\"o}rn-Steffen},
  booktitle={Mostly Harmless Econometrics},
  year={2008},
  publisher={Princeton university press}
}
@book{heckman1987incidental,
  title={The incidental parameters problem and the problem of initial conditions in estimating a discrete time-discrete data stochastic process and some Monte Carlo evidence},
  author={Heckman, James J},
  year={1987},
  publisher={University of Chicago Center for Mathematical studies in Business and~â€¦}
}
@article{neyman1948consistent,
  title={Consistent estimates based on partially consistent observations},
  author={Neyman, Jerzy and Scott, Elizabeth L},
  journal={Econometrica: Journal of the Econometric Society},
  pages={1--32},
  year={1948},
  publisher={JSTOR}
}
@article{manresa2013estimating,
  title={Estimating the structure of social interactions using panel data},
  author={Manresa, Elena},
  journal={Unpublished Manuscript. CEMFI, Madrid},
  year={2013},
  publisher={Citeseer}
}

@incollection{blume2011identification,
  title={Identification of social interactions},
  author={Blume, Lawrence E and Brock, William A and Durlauf, Steven N and Ioannides, Yannis M},
  booktitle={Handbook of social economics},
  volume={1},
  pages={853--964},
  year={2011},
  publisher={Elsevier}
}

@article{acemoglu2005institutions,
  title={Institutions as a fundamental cause of long-run growth},
  author={Acemoglu, Daron and Johnson, Simon and Robinson, James A},
  journal={Handbook of economic growth},
  volume={1},
  pages={385--472},
  year={2005},
  publisher={Elsevier}
}
@article{moon2015linear,
  title={Linear regression for panel with unknown number of factors as interactive fixed effects},
  author={Moon, Hyungsik Roger and Weidner, Martin},
  journal={Econometrica},
  volume={83},
  number={4},
  pages={1543--1579},
  year={2015},
  publisher={Wiley Online Library}
}
@article{nickell1981biases,
  title={Biases in dynamic models with fixed effects},
  author={Nickell, Stephen},
  journal={Econometrica: Journal of the econometric society},
  pages={1417--1426},
  year={1981},
  publisher={JSTOR}
}
@article{onatski2010determining,
  title={Determining the number of factors from empirical distribution of eigenvalues},
  author={Onatski, Alexei},
  journal={The Review of Economics and Statistics},
  volume={92},
  number={4},
  pages={1004--1016},
  year={2010},
  publisher={The MIT Press}
}
@article{card2018firms,
  title={Firms and labor market inequality: Evidence and some theory},
  author={Card, David and Cardoso, Ana Rute and Heining, Joerg and Kline, Patrick},
  journal={Journal of Labor Economics},
  volume={36},
  number={S1},
  pages={S13--S70},
  year={2018},
  publisher={University of Chicago Press Chicago, IL}
}
@article{von2011heterogeneity,
  title={Heterogeneity in risky choice behavior in a broad population},
  author={Von Gaudecker, Hans-Martin and Van Soest, Arthur and Wengstrom, Erik},
  journal={American Economic Review},
  volume={101},
  number={2},
  pages={664--94},
  year={2011}
}
@article{wooldridge2021two,
  title={Two-way fixed effects, the two-way mundlak regression, and difference-in-differences estimators},
  author={Wooldridge, Jeff},
  journal={Available at SSRN 3906345},
  year={2021}
}
@article{de2020two,
  title={Two-way fixed effects estimators with heterogeneous treatment effects},
  author={De Chaisemartin, Cl{\'e}ment and d'Haultfoeuille, Xavier},
  journal={American Economic Review},
  volume={110},
  number={9},
  pages={2964--96},
  year={2020}
}
@book{baltagi2008econometric,
  title={Econometric analysis of panel data},
  author={Baltagi, Badi Hani and Baltagi, Badi H},
  volume={4},
  year={2008},
  publisher={Springer}
}
@article{hansen2007asymptotic,
  title={Asymptotic properties of a robust variance matrix estimator for panel data when T is large},
  author={Hansen, Christian B},
  journal={Journal of Econometrics},
  volume={141},
  number={2},
  pages={597--620},
  year={2007},
  publisher={Elsevier}
}
@article{vogelsang2012heteroskedasticity,
  title={Heteroskedasticity, autocorrelation, and spatial correlation robust inference in linear panel models with fixed-effects},
  author={Vogelsang, Timothy J},
  journal={Journal of Econometrics},
  volume={166},
  number={2},
  pages={303--319},
  year={2012},
  publisher={Elsevier}
}

@article{arellano1987computing,
  title={Computing robust standard errors for within-groups estimators},
  author={Arellano, Manuel and others},
  journal={Oxford bulletin of Economics and Statistics},
  volume={49},
  number={4},
  pages={431--434},
  year={1987},
  publisher={Department of Economics, University of Oxford}
}
@article{bai2009panel,
  title={Panel data models with interactive fixed effects},
  author={Bai, Jushan},
  journal={Econometrica},
  volume={77},
  number={4},
  pages={1229--1279},
  year={2009},
  publisher={Wiley Online Library}
}
@article{piketty2019capital,
  title={Capital accumulation, private property, and rising inequality in China, 1978--2015},
  author={Piketty, Thomas and Yang, Li and Zucman, Gabriel},
  journal={American Economic Review},
  volume={109},
  number={7},
  pages={2469--96},
  year={2019}
}
@article{topalova2010factor,
  title={Factor immobility and regional impacts of trade liberalization: Evidence on poverty from India},
  author={Topalova, Petia},
  journal={American Economic Journal: Applied Economics},
  volume={2},
  number={4},
  pages={1--41},
  year={2010}
}
@article{bai2002determining,
  title={Determining the number of factors in approximate factor models},
  author={Bai, Jushan and Ng, Serena},
  journal={Econometrica},
  volume={70},
  number={1},
  pages={191--221},
  year={2002},
  publisher={Wiley Online Library}
}
@article{newey1994large,
  title={Large sample estimation and hypothesis testing},
  author={Newey, Whitney K and McFadden, Daniel},
  journal={Handbook of econometrics},
  volume={4},
  pages={2111--2245},
  year={1994},
  publisher={Elsevier}
}

@article{grunewald2017trade,
  title={The trade-off between income inequality and carbon dioxide emissions},
  author={Grunewald, Nicole and Klasen, Stephan and Mart{\'\i}nez-Zarzoso, Inmaculada and Muris, Chris},
  journal={Ecological Economics},
  volume={142},
  pages={249--256},
  year={2017},
  publisher={Elsevier}
}

@article{bonhomme2019distributional,
  title={A distributional framework for matched employer employee data},
  author={Bonhomme, St{\'e}phane and Lamadon, Thibaut and Manresa, Elena},
  journal={Econometrica},
  volume={87},
  number={3},
  pages={699--739},
  year={2019},
  publisher={Wiley Online Library}
}